@article{paper_1,
	author={Yashina, M. V. and Akilin, Ya. A. and Osada, V. V. and Serov, P. G.},
	booktitle={2024 Systems of Signals Generating and Processing in the Field of on Board Communications}, 
	title={Video Image Recognition of Car Track Characteristics at Intersections}, 
	year={2024},
	pages={1-4},
	keywords={Tracking; Heuristic algorithms; Neural networks; Urban areas; Motorcycles; Object detection; Road safety; Markovian matrix; traffic flow; intensity; video analysis; street and road network},
	doi={10.1109/IEEECONF60226.2024.10496754}
}

@article{paper_2,
	author={Haijiao Nie and Huanli Pang and Mingyang Ma and Ruikai Zheng},
	title={A Lightweight Remote Sensing Small Target Image Detection Algorithm Based on Improved YOLOv8},
	journal={School of Computer Science and Engineering, Changchun University of Technology},
	pages={1-3, 9},
	year={2024},
	publisher={Changchun University of Technology}
}


@article{paper_4,
	author =       " Farhain Sultana; Ritika Bhardwaj; Rohan N Kumar; Ruchir Gaur; Sahana.P. Shankar; Aryan Bharadwaj",
	title =        "Smart Traffic Management System for Efficient Mobility and Emergency Response",
	journal =      "2024 International Conference on Knowledge Engineering and Communication Systems (ICKECS)",
	pages =        "3",
	year =         "2024",
	DOI =          "10.1109/ICKECS61492.2024.10616800"
}

@article{paper_3,
	author =       "Nagaraj P; Muthamil Sudar K; A. M. Gurusigaamani; B Sai Vasanth; V S S Saranya; P Girish Kumar Reddy",
	title =        "Traffic Detection and Enhancing Traffic Safety: YOLO V8 Framework and OCR for Violation Detection Using Deep Learning Techniques",
	journal =      "2024 International Conference on Science Technology Engineering and Management (ICSTEM)",
	pages =        "3â€“5",
	year =         "2024",
	DOI =          "10.1109/ICSTEM61137.2024.10560904"
}

@article{paper_5,
	author =       "S. Francisco Segura Altamirano et al.",
	title =        "Utilizing Image Processing and the YOLOv3 Network for Real-Time Traffic Light Control",
	journal =      "Journal of Engineering (ISSN: 2314-4912)",
	pages =        "1-6",
	year =         "2023",
	DOI =          "-"
}

@article{paper_6,
	author =       "Qiang Zhang, Ziming Sun, Hong Shu",
	title =        "Research on Vehicle Lane Change Warning Method Based
	on Deep Learning Image Processing",
	journal =      "Sensors, published by MDPI",
	pages =        "1,5,9,11-13",
	year =         "2022",
	DOI =          "-"
}



@book{DataMiningbook,
	author    = "Jiawei Han and Micheline Kamber and Jian Pei",
	title     = "Data Mining: Concepts and Techniques (The Morgan Kaufmann Series in Data Management Systems)",
	year      = "c2012",
	edition	  = "3rd ed.",
	publisher = "Burlington, Mass. : Elseviern"
}

@misc{overleaf,
	author    = "Overleaf",
	title     = "Overleaf LaTeX tutorials",
	year      = "2023",
	url       = "https://www.overleaf.com/learn/latex/Tutorials"
}
